<?xml version="1.0" encoding="UTF-8"?><collection xmlns="http://www.loc.gov/MARC21/slim"><record><leader>00623nam--2200181-i-4500</leader><controlfield tag="001">000010283</controlfield><controlfield tag="002">20161230</controlfield><controlfield tag="005">20170121215838</controlfield><controlfield tag="008">060222s1000------------r-----000-0-eng-d</controlfield><datafield ind1=" " ind2=" " tag="080"><subfield code="a">621.039.542.342</subfield></datafield><datafield ind1=" " ind2=" " tag="100"><subfield code="a">Adamson, M. G</subfield></datafield><datafield ind1=" " ind2=" " tag="245"><subfield code="a">Thermal diffusion phenomena in nonstoichimetric oxide fuels. Part II: Oxigen redistribution in hyperstoichiometric urania-plutonia. Results of axial temperature-gradient experiments</subfield></datafield><datafield ind1=" " ind2=" " tag="260"><subfield code="a">Harwell</subfield><subfield code="b">Atomic Energy Research Establishment</subfield><subfield code="c">1972</subfield></datafield><datafield ind1=" " ind2=" " tag="300"><subfield code="a">10 p. + 2 Figuri</subfield></datafield><datafield ind1=" " ind2=" " tag="490"><subfield code="a">6831</subfield></datafield><datafield ind1=" " ind2=" " tag="700"><subfield code="a">Carney, R. F. A</subfield></datafield><datafield ind1=" " ind2=" " tag="852"><subfield code="a">37527</subfield></datafield><datafield ind1=" " ind2=" " tag="CAT"><subfield code="a">SYS</subfield><subfield code="c">20170121</subfield><subfield code="h">215838</subfield></datafield></record></collection>